@inproceedings{ozeren2016boat,
	title={Boat-Generated Wave and Turbidity Measurements: Connecticut River},
	author={Ozeren, Yavuz and Simon, Andrew and Altinakar, Mustafa},
	booktitle={World Environmental and Water Resources Congress 2016},
	pages={390--398},
	year={2016}
}

@article{simon2016boat,
	title={Boat-generated wave measurements in the Connecticut River},
	author={Simon, A},
	journal={River Flow 2016: Iowa City, USA, July 11-14, 2016},
	pages={313},
	year={2016},
	publisher={CRC Press}
}

@techreport{maynord2008boat,
	title={Boat-wave-induced bank erosion on the Kenai River, Alaska},
	author={Maynord, Stephen T and Biedenham, David S and Fischenich, Craig J and Zufelt, Jon E},
	year={2008},
	institution={Engineer Research And Development Center Vicksburg Ms Coastal And Hydraulics LAB}
}

@article{basheer2000artificial,
	title={Artificial neural networks: fundamentals, computing, design, and application},
	author={Basheer, Imad A and Hajmeer, Maha},
	journal={Journal of microbiological methods},
	volume={43},
	number={1},
	pages={3--31},
	year={2000},
	publisher={Elsevier}
}

@book{uddinhudson2013,
	author = {Uddin, W and Hudson, W R and Haas, R},
	title = {Public Infrastructure Asset Management},
	date = {2013},
	edition = {Second Edition},
	publisher = {McGraw-Hill},
	isbn = {0071820116},
	pagetotal = {487 pages},
}

@article{yasarer2012development,
	title={Development of Void Prediction Models for Kansas Concrete Mixes Used in PCC Pavement},
	author={Yasarer, Hakan and Najjar, Yacoub},
	journal={Procedia Computer Science},
	volume={8},
	pages={473--478},
	year={2012},
	publisher={Elsevier}
}